
@article{oyserman2002,
	title = {Rethinking individualism and collectivism: Evaluation of theoretical assumptions and meta-analyses.},
	author = {Oyserman, Daphna and Coon, Heather M. and Kemmelmeier, Markus},
	year = {2002},
	month = {01},
	date = {2002-01},
	journal = {Psychological Bulletin},
	pages = {3--72},
	volume = {128},
	number = {1},
	doi = {10.1037/0033-2909.128.1.3},
	url = {http://doi.apa.org/getdoi.cfm?doi=10.1037/0033-2909.128.1.3},
	note = {Citation Key: oyserman2002},
	langid = {en}
}

@phdthesis{yoon2010,
	title = {Political Culture of Individualism and Collectivism},
	author = {Yoon, Kwang-Il},
	year = {2010},
	date = {2010},
	note = {Citation Key: yoon2010}
}

@article{voronov2002,
	title = {The Myth of Individualism-Collectivism: A Critical Review},
	author = {Voronov, Maxim and Singer, Jefferson A.},
	year = {2002},
	month = {08},
	date = {2002-08},
	journal = {The Journal of Social Psychology},
	pages = {461--480},
	volume = {142},
	number = {4},
	doi = {10.1080/00224540209603912},
	url = {http://www.tandfonline.com/doi/abs/10.1080/00224540209603912},
	note = {Citation Key: voronov2002},
	langid = {en}
}

@book{martuccelli2010,
	title = {¿Existen individuos en el sur?},
	author = {Martuccelli, Danilo},
	year = {2010},
	date = {2010},
	publisher = {LOM},
	url = {https://www.librospatagonia.com/reader/existen-individuos-en-el-sur},
	note = {Citation Key: martuccelli2010},
	address = {Santiago de Chile},
	langid = {es}
}

@article{wang2010,
	title = {What collective? Collectivism and relationalism from a Chinese perspective},
	author = {Wang, Georgette and Liu, Zhong-Bo},
	year = {2010},
	month = {03},
	date = {2010-03},
	journal = {Chinese Journal of Communication},
	pages = {42--63},
	volume = {3},
	number = {1},
	doi = {10.1080/17544750903528799},
	url = {http://www.tandfonline.com/doi/abs/10.1080/17544750903528799},
	note = {Citation Key: wang2010},
	langid = {en}
}

@article{brewer2007,
	title = {Where (Who) Are Collectives in Collectivism? Toward Conceptual Clarification of Individualism and Collectivism.},
	author = {Brewer, Marilynn B. and Chen, Ya-Ru},
	year = {2007},
	date = {2007},
	journal = {Psychological Review},
	pages = {133--151},
	volume = {114},
	number = {1},
	doi = {10.1037/0033-295X.114.1.133},
	url = {http://doi.apa.org/getdoi.cfm?doi=10.1037/0033-295X.114.1.133},
	note = {Citation Key: brewer2007},
	langid = {en}
}

@article{moemeka1998,
	title = {Communalism as a Fundamental Dimension of Culture},
	author = {Moemeka, Andrew A.},
	year = {1998},
	month = {12},
	date = {1998-12-01},
	journal = {Journal of Communication},
	pages = {118--141},
	volume = {48},
	number = {4},
	doi = {10.1111/j.1460-2466.1998.tb02773.x},
	url = {https://academic.oup.com/joc/article/48/4/118-141/4108161},
	note = {Citation Key: moemeka1998},
	langid = {en}
}

@article{voronov2002,
	title = {The Myth of Individualism-Collectivism: A Critical Review},
	author = {Voronov, Maxim and Singer, Jefferson A.},
	year = {2002},
	month = {08},
	date = {2002-08},
	journal = {The Journal of Social Psychology},
	pages = {461--480},
	volume = {142},
	number = {4},
	doi = {10.1080/00224540209603912},
	url = {http://www.tandfonline.com/doi/abs/10.1080/00224540209603912},
	note = {Citation Key: voronov2002},
	langid = {en}
}

@article{leonquillas2022,
	title = {Instituciones informales, emprendimiento y progreso social: un estudio comparativo y correlacional},
	author = {{León Quillas}, {César Ignacio} and {Rueda Rodríguez}, {Héctor Fernando} and {Hernández Rodríguez}, Alejandra},
	year = {2022},
	date = {2022},
	journal = {Revista Guillermo de Ockham},
	pages = {113--129},
	volume = {21},
	number = {1},
	doi = {10.21500/22563202.5577},
	url = {https://www.revistas.usb.edu.co/index.php/GuillermoOckham/article/view/5577},
	note = {Citation Key: leonquillas2022}
}

@article{rojas2008,
	title = {Evaluación del individualismo y colectivismo horizontal y vertical en la sociedad Chilena.},
	author = {{Rojas-Méndez}, {José I.} and {Coutiño-Hill}, Vilma and Bhagat, Rabi S. and Moustafa, Karen South},
	year = {2008},
	month = {12},
	date = {2008-12-01},
	journal = {Multidisciplinary Business Review},
	pages = {36--48},
	volume = {1},
	number = {1},
	url = {https://journalmbr.net/index.php/mbr/article/view/394},
	note = {Number: 1
Citation Key: rojas2008},
	langid = {es}
}

@article{benavides2020,
	title = {Self-Construal Differences in Chile and South Korea: A Brief Report},
	author = {Benavides, Paloma and Hur, Taekyun},
	year = {2020},
	month = {12},
	date = {2020-12},
	journal = {Psychological Reports},
	pages = {2410--2417},
	volume = {123},
	number = {6},
	doi = {10.1177/0033294119868786},
	url = {http://journals.sagepub.com/doi/10.1177/0033294119868786},
	note = {Citation Key: benavides2020},
	langid = {en}
}

@article{kolstad2009,
	title = {Self-Construal in Chile and Norway: Implications for Cultural Differences in Individualism and Collectivism},
	author = {Kolstad, Arnulf and Horpestad, Silje},
	year = {2009},
	month = {03},
	date = {2009-03},
	journal = {Journal of Cross-Cultural Psychology},
	pages = {275--281},
	volume = {40},
	number = {2},
	doi = {10.1177/0022022108328917},
	url = {http://journals.sagepub.com/doi/10.1177/0022022108328917},
	note = {Citation Key: kolstad2009},
	langid = {en}
}

@article{yopo2013,
	title = {Individualización en Chile. Individuo y sociedad en las transformaciones culturales recientes},
	author = {Yopo, Martina},
	year = {2013},
	month = {07},
	date = {2013-07-04},
	journal = {Psicoperspectivas. Individuo y Sociedad},
	pages = {4--15},
	volume = {12},
	number = {2},
	doi = {10.5027/psicoperspectivas-Vol12-Issue2-fulltext-254},
	url = {https://www.psicoperspectivas.cl/index.php/psicoperspectivas/article/view/254},
	note = {Citation Key: yopo2013},
	langid = {es}
}

@article{murray2022,
	title = {Raising children in hostile worlds in Santiago de Chile: Optimism and {\textquoteleft}hyper-agentic{\textquoteright} mothers},
	author = {Murray, Marjorie and Tizzoni, Constanza},
	year = {2022},
	date = {2022},
	journal = {The Sociological Review},
	pages = {92--107},
	volume = {70},
	number = {1},
	doi = {10.1177/00380261211056169},
	url = {http://journals.sagepub.com/doi/10.1177/00380261211056169},
	note = {Citation Key: murray2022},
	langid = {en}
}

@article{baeza2022,
	title = {Movilidad religiosa en jóvenes universitarios de Chile: desafiliaciones y reafiliaciones en la iglesia católica},
	author = {Baeza, Jorge and Imbarack, Patricia},
	year = {2022},
	date = {2022},
	journal = {Religião & Sociedade},
	pages = {60--83},
	volume = {42},
	number = {3},
	doi = {10.1590/0100-85872022v42n3cap03},
	url = {http://www.scielo.br/scielo.php?script=sci_arttext&pid=S0100-85872022000300060&tlng=es},
	note = {Publisher: FapUNIFESP (SciELO)
Citation Key: baeza2022},
	langid = {es}
}

@article{cortésparedes2022,
	title = {Autonomía en el horizonte: un análisis narrativo de los procesos de deconversión en Temuco, Chile},
	author = {{Cortés Paredes}, Gabriel},
	year = {2022},
	date = {2022},
	journal = {Revista Temas Sociológicos},
	pages = {75--105},
	number = {30},
	doi = {10.29344/07196458.30.3122},
	url = {http://ediciones.ucsh.cl/index.php/TSUCSH/article/view/3122},
	note = {Publisher: Universidad Catolica Silva Henriquez}
}

@article{soto2021,
	title = {¿Nuevas orientaciones subjetivas en el trabajo? Los jóvenes de la industria del retail en Chile},
	author = {Soto, {Álvaro} and Stecher, Antonio and {Frías}, Pamela},
	year = {2021},
	date = {2021},
	journal = {Athenea Digital. Revista de pensamiento e investigación social},
	volume = {21},
	number = {1},
	doi = {10.5565/rev/athenea.2772},
	url = {https://atheneadigital.net/article/view/v21-1-soto-stecher-frias},
	note = {Citation Key: soto2021}
}

@article{trebilcock2019,
	title = {Crime Prevention and the Coproduction of Security: Outcomes of Citizen Participation at the Neighborhood Level in Neoliberal Chile},
	author = {Trebilcock, Maria Paz and Luneke, Alejandra},
	year = {2019},
	date = {2019},
	journal = {Latin American Perspectives},
	pages = {56--72},
	volume = {46},
	number = {6},
	doi = {10.1177/0094582x18803681},
	url = {http://journals.sagepub.com/doi/10.1177/0094582X18803681},
	note = {Publisher: SAGE Publications
Citation Key: trebilcock2019},
	langid = {en}
}

@article{solsona-cisternas2023,
	title = {Individuation processes in disabled people. An approach through mobilities in rural areas of southern Chile},
	author = {Solsona-Cisternas, Diego Alfredo},
	year = {2023},
	date = {2023},
	journal = {Disability & Society},
	pages = {1--23},
	doi = {10.1080/09687599.2023.2263632},
	url = {https://www.tandfonline.com/doi/full/10.1080/09687599.2023.2263632},
	note = {Citation Key: solsona-cisternas2023},
	langid = {en}
}

@article{canalesceron2021,
	title = {Sujeto y cotidiano en la era neoliberal: el caso de la educación chilena},
	author = {{Canales Cerón}, Manuel and {Orellana Calderón}, {Víctor Sebastián} and {Guajardo Mañán}, {Fabián}},
	year = {2021},
	date = {2021},
	journal = {Revista Mexicana de Ciencias Políticas y Sociales},
	pages = {285--307},
	volume = {67},
	number = {244},
	doi = {10.22201/fcpys.2448492xe.2022.244.70386},
	url = {http://www.revistas.unam.mx/index.php/rmcpys/article/view/70386},
	note = {Citation Key: canalesceron2021}
}

@article{pinheiro2023,
	title = {Itinerarios juveniles, individuación y reflexividades: aproximaciones a la participación social en barrios metropolitanos populares},
	author = {Pinheiro, Leandro R. and Di Leo, Pablo Francisco and Varela, {Francisco Ramírez}},
	year = {2023},
	date = {2023},
	journal = {Educação e Pesquisa},
	volume = {49},
	doi = {10.1590/s1678-4634202349270569es},
	url = {http://www.scielo.br/scielo.php?script=sci_arttext&pid=S1517-97022023000100407&tlng=es},
	note = {Publisher: FapUNIFESP (SciELO)
Citation Key: pinheiro2023},
	langid = {es}
}

@article{gayo2017,
	title = {El individuo frente a la sociedad o el western sociológico},
	author = {Gayo, Modesto},
	year = {2017},
	date = {2017},
	journal = {Estudios Públicos},
	pages = {263--279},
	number = {147},
	url = {https://www.estudiospublicos.cl/index.php/cep/article/view/108},
	langid = {es{\_}ES}
}

@book{araujo2012,
	title = {Desafíos Comunes. Retrato de la sociedad chilena y sus individuos},
	author = {Araujo, Kathya and {Martuccelli,}, Danilo},
	year = {2012},
	date = {2012},
	publisher = {LOM},
	note = {Citation Key: araujo2012}
}

@article{castillo2024,
	title = {The Socialization of Meritocracy and Market Justice Preferences at School},
	author = {Castillo, Juan Carlos and Salgado, Mauricio and Carrasco, Kevin and Laffert, Andreas},
	year = {2024},
	month = {10},
	date = {2024-10-23},
	journal = {Societies},
	pages = {214},
	volume = {14},
	number = {11},
	doi = {10.3390/soc14110214},
	url = {http://dx.doi.org/10.3390/soc14110214},
	langid = {en}
}

@techreport{pnud2024,
	title = {Informe sobre Desarrollo Humano en Chile 2024. ¿Por qué nos cuesta cambiar?: conducir los cambios para un Desarrollo Humano Sostenible},
	author = {PNUD, },
	year = {2024},
	date = {2024},
	note = {Citation Key: pnud2024},
	address = {Santiago de Chile}
}

@article{araujo2014,
	title = {Beyond institutional individualism: Agentic individualism and the individuation process in Chilean society},
	author = {Araujo, Kathya and Martuccelli, Danilo},
	year = {2014},
	month = {01},
	date = {2014-01},
	journal = {Current Sociology},
	pages = {24--40},
	volume = {62},
	number = {1},
	doi = {10.1177/0011392113512496},
	url = {http://journals.sagepub.com/doi/10.1177/0011392113512496},
	note = {Citation Key: araujo2014},
	langid = {en}
}
